
@book{gratzer_more_2016,
  langid = {english},
  location = {{Cham}},
  title = {More {{Math}} into {{LaTeX}}},
  edition = {5. Auflage},
  isbn = {978-3-319-23796-1},
  publisher = {{Springer}},
  date = {2016},
  keywords = {main},
  author = {Grätzer, George A.}
}

@book{gratzer_math_2000,
  location = {{Boston : New York}},
  title = {Math into {{LaTeX}}},
  edition = {3. Auflage},
  isbn = {978-0-8176-4131-3},
  publisher = {{Springer}},
  date = {2000},
  keywords = {AMS-LaTeX,Computer programs,Computerized typesetting,LaTeX (Computer file),Mathematics printing,\#nosource,main},
  author = {Grätzer, George A.}
}

@incollection{billen_kundenbindung_2005,
  langid = {german},
  location = {{Wiesbaden}},
  title = {Kundenbindung bei Commodities - die Quadratur des Kreises?},
  isbn = {978-3-409-14254-0},
  booktitle = {Commodity Marketing: Grundlagen und Besonderheiten},
  publisher = {{Gabler}},
  date = {2005},
  pages = {151-182},
  keywords = {main},
  author = {Billen, Peter and Raff, Tilmann},
  editor = {Enke, Margit and Reimann, Martin}
}

@misc{noauthor_richtlinien_2017,
  langid = {german},
  title = {Richtlinien für die Anfertigung der Thesis},
  publisher = {{Hochschule Düsseldorf}},
  date = {2017-12},
  keywords = {main}
}

@book{schlosser_wissenschaftliche_2014,
  langid = {german},
  location = {{Heidelberg}},
  title = {Wissenschaftliche Arbeiten Schreiben mit LaTeX},
  edition = {5. Auflage},
  isbn = {978-3-8266-9486-8},
  shorttitle = {Wissenschaftliche Arbeiten schreiben mit LaTeX},
  pagetotal = {324},
  publisher = {{mitp}},
  date = {2014},
  keywords = {main},
  author = {Schlosser, Joachim}
}

@misc{talbot_glossaries_2019,
  langid = {english},
  title = {The Glossaries Package v4.42: A Guide for Beginners},
  url = {http://mirrors.ctan.org/macros/latex/contrib/glossaries/glossariesbegin.pdf},
  urldate = {2019-08-25},
  date = {2019},
  keywords = {ctan},
  author = {Talbot, Nicola L.C.}
}

@misc{kohm_koma_2019,
  langid = {german},
  title = {KOMA - S c r i p t},
  url = {http://mirrors.ctan.org/macros/latex/contrib/koma-script/doc/scrguide.pdf},
  abstract = {Die Anleitung},
  urldate = {2019-08-25},
  date = {2019},
  keywords = {ctan},
  author = {Kohm, Markus}
}

@misc{kime_biber_2019,
  langid = {english},
  title = {Biber},
  url = {http://mirrors.ctan.org/biblio/biber/documentation/biber.pdf},
  abstract = {A backend bibliography processor for biblatex},
  urldate = {2019-08-23},
  date = {2019},
  keywords = {ctan},
  author = {Kime, Philip and Charette, François}
}

@book{datta_latex_2017,
  location = {{New York, NY}},
  title = {Latex in 24 Hours},
  isbn = {978-3-319-47830-2},
  publisher = {{Springer}},
  date = {2017},
  keywords = {main},
  author = {Datta, Dilip}
}

@book{ochsner_textverarbeitungssystem_2015,
  langid = {german},
  location = {{Wiesbaden}},
  title = {Das Textverarbeitungssystem LaTeX: eine praktische Einführung in die Erstellung wissenschaftlicher Dokumente},
  isbn = {978-3-658-09502-4},
  publisher = {{Springer Vieweg}},
  date = {2015},
  keywords = {main},
  author = {Öchsner, Marco and Öchsner, Andreas}
}

@book{kottwitz_latex_2015,
  langid = {english},
  location = {{Birmingham}},
  title = {{{LaTeX}} Cookbook: Over 90 Hands-on Recipes for Quickly Preparing {{LaTeX}} Documents to Solve Various Challenging Tasks},
  isbn = {978-1-78439-514-8},
  shorttitle = {{{LaTeX}} Cookbook},
  pagetotal = {357},
  publisher = {{Packt Publ}},
  date = {2015},
  keywords = {main},
  author = {Kottwitz, Stefan}
}

@misc{oetiker_not_2018,
  langid = {english},
  title = {The Not so Short {{Introduction}} to {{LATEX2ε}}},
  url = {https://www.ctan.org/tex-archive/info/lshort/english/},
  urldate = {2019-08-26},
  date = {2018},
  keywords = {ctan},
  author = {Oetiker, Tobias and Partl, Hubert and Hyna, Irene and Schlegl, Elisabeth}
}

@book{gratzer_practical_2014,
  location = {{New York}},
  title = {Practical {{LaTeX}}},
  isbn = {978-3-319-06424-6},
  publisher = {{Springer}},
  date = {2014},
  keywords = {main},
  author = {Grätzer, George A.}
}

@misc{lehman_biblatex_2017,
  langid = {german},
  title = {Das biblatex Paket Das Benutzerhandbuch},
  url = {http://mirrors.ctan.org/info/translations/biblatex/de/biblatex-de-Benutzerhandbuch.pdf},
  abstract = {Programmierbares Bibliografieren und Zitieren},
  urldate = {2019-08-15},
  date = {2017},
  keywords = {ctan},
  author = {Lehman, Philipp and Kime, Philip and Boruvka, Audrey and Wright, Joseph}
}

@misc{kime_biblatex_2019,
  langid = {english},
  title = {The Biblatex {{Package}}},
  url = {http://mirrors.ctan.org/macros/latex/contrib/biblatex/doc/biblatex.pdf},
  urldate = {2019-08-15},
  date = {2019},
  keywords = {ctan},
  author = {Kime, Philip and Wemheuer, Moritz and Lehman, Philipp}
}

@article{dtk17.1:ziegenhagen:server,
  title = {Wie Man Einen Eigenen  {{Live Mirror}} Aufsetzt},
  volume = {28},
  number = {1},
  journaltitle = {DTK},
  date = {2017},
  pages = {67-71},
  keywords = {main},
  author = {Ziegenhagen, Uwe}
}

@article{dtk17.1:roemer:tikz,
  title = {Strukturbäume Mit {{TikZ}}},
  volume = {28},
  number = {1},
  journaltitle = {DTK},
  date = {2017},
  pages = {72-78},
  keywords = {main},
  author = {Römer, Christine}
}

@misc{oetiker_acronym_2015,
  langid = {english},
  title = {An {{Acronym Environment}} for {{LATEX2ε}}},
  url = {http://mirrors.ctan.org/macros/latex/contrib/acronym/acronym.pdf},
  urldate = {2019-08-15},
  date = {2015},
  keywords = {ctan},
  author = {Oetiker, Tobias}
}

@misc{the_latex_project_team_users_2018,
  langid = {english},
  title = {User’s {{Guide}} for the Amsmath {{Package}}},
  url = {https://ctan.org/pkg/amsmath},
  publisher = {{LaTeX3 Project and American Mathematical Society}},
  date = {2018},
  keywords = {ctan},
  author = {{the LaTeX Project Team}}
}

@misc{cereda_arara_2019,
  title = {Arara {{User}} Manual},
  url = {http://mirrors.ctan.org/support/arara/doc/arara-manual.pdf},
  date = {2019},
  keywords = {ctan},
  author = {Cereda, Paulo and Daniel, Marco and Longborough, Brent and Talbot, Nicola L.C.}
}

@misc{mittelbach_new_2019,
  langid = {english},
  title = {A New Implementation of {{LATEX}}’s Tabular and Array},
  url = {http://mirrors.ctan.org/macros/latex/required/tools/array.pdf},
  date = {2019},
  keywords = {ctan},
  author = {Mittelbach, Frank and Carlisle, David}
}

@misc{braams_babel_2019,
  langid = {english},
  title = {Babel},
  url = {http://mirrors.ctan.org/macros/latex/required/babel/base/babel.pdf},
  urldate = {2019-08-16},
  date = {2019},
  keywords = {ctan},
  author = {Braams, Johannes L. and Bezos, Javier}
}

@misc{sommerfeldt_customizing_2011,
  langid = {english},
  title = {Customizing Captions of Floating Environments},
  url = {http://mirrors.ctan.org/macros/latex/contrib/caption/caption-deu.pdf},
  urldate = {2019-08-16},
  date = {2011},
  keywords = {ctan},
  author = {Sommerfeldt, Axel}
}

@misc{cubitt_cleveref_2018,
  title = {The Cleveref Package},
  url = {http://mirrors.ctan.org/macros/latex/contrib/cleveref/cleveref.pdf},
  urldate = {2019-08-16},
  date = {2018},
  keywords = {ctan},
  author = {Cubitt, Toby}
}

@misc{carlisle_colortbl_2018,
  langid = {english},
  title = {The Colortbl Package},
  url = {http://mirrors.ctan.org/macros/latex/contrib/colortbl/colortbl.pdf},
  date = {2018},
  keywords = {ctan},
  author = {Carlisle, David}
}

@misc{lehman_csquotes_2019,
  langid = {english},
  title = {The Csquotes {{Package}}},
  url = {http://mirrors.ctan.org/macros/latex/contrib/csquotes/csquotes.pdf},
  urldate = {2019-08-16},
  date = {2019},
  keywords = {ctan},
  author = {Lehman, Philipp and Wright, Joseph}
}

@misc{bezos_customizing_2019,
  langid = {english},
  title = {Customizing Lists with the Enumitem Package},
  url = {http://mirrors.ctan.org/macros/latex/contrib/enumitem/enumitem.pdf},
  urldate = {2019-08-17},
  date = {2019},
  keywords = {ctan},
  author = {Bezos, Javier}
}

@misc{van_zandt_documentation_2010,
  langid = {english},
  title = {Documentation for Fancybox.Sty: {{Box}} Tips and Tricks for {{LATEX}}∗},
  url = {http://mirrors.ctan.org/macros/latex/contrib/fancybox/fancybox-doc.pdf},
  urldate = {2019-07-19},
  date = {2010},
  keywords = {ctan},
  author = {Van Zandt, Timothy}
}

@misc{lingnau_improved_2001,
  langid = {english},
  title = {An {{Improved Environment}} for {{Floats}}},
  url = {http://mirrors.ctan.org/macros/latex/contrib/float/float.pdf},
  urldate = {2019-08-16},
  date = {2001},
  keywords = {ctan},
  author = {Lingnau, Anselm}
}

@misc{fairbairns_footmisc_2011,
  langid = {english},
  title = {Footmisc — a Portmanteau Package for Customising Footnotes in {{LaTeX}}},
  url = {http://mirrors.ctan.org/macros/latex/contrib/footmisc/footmisc.pdf},
  urldate = {2019-08-14},
  date = {2011},
  keywords = {ctan},
  author = {Fairbairns, Robin}
}

@misc{carlisle_graphics_2017,
  langid = {english},
  title = {The Graphics Package},
  url = {http://mirrors.ctan.org/macros/latex/required/graphics/graphics.pdf},
  urldate = {2019-09-04},
  date = {2017},
  keywords = {ctan},
  author = {Carlisle, David and Rahtz, S. P. Q.}
}

@misc{oberdiek_hologo_2017,
  langid = {english},
  title = {The Hologo Package},
  url = {http://mirrors.ctan.org/macros/latex/contrib/oberdiek/hologo.pdf},
  urldate = {2019-09-02},
  date = {2017},
  keywords = {ctan},
  author = {Oberdiek, Heiko}
}

@misc{rahtz_hypertext_2018,
  langid = {english},
  title = {Hypertext Marks in {{LaTeX}}: A Manual for Hyperref},
  url = {http://mirrors.ctan.org/macros/latex/contrib/hyperref/doc/manual.pdf},
  urldate = {2019-08-18},
  date = {2018},
  keywords = {ctan},
  author = {Rahtz, Sebastian and Oberdiek, Heiko}
}

@misc{oberdiek_hyphsubst_2016,
  langid = {english},
  title = {The Hyphsubst Package},
  url = {http://mirrors.ctan.org/macros/latex/contrib/oberdiek/hyphsubst.pdf},
  urldate = {2019-08-19},
  date = {2016},
  keywords = {ctan},
  author = {Oberdiek, Heiko}
}

@misc{titz_idxlayout_2012,
  langid = {english},
  title = {The Idxlayout Package},
  url = {http://mirrors.ctan.org/macros/latex/contrib/idxlayout/idxlayout.pdf},
  urldate = {2019-12-08},
  date = {2012},
  keywords = {ctan},
  author = {Titz, Thomas}
}

@misc{heinz_listings_2019,
  langid = {english},
  title = {The {{Listings Package}}},
  url = {http://mirrors.ctan.org/macros/latex/contrib/listings/listings.pdf},
  urldate = {2019-07-29},
  date = {2019},
  keywords = {ctan},
  author = {Heinz, Carsten and Brooks, Moses and Hoffmann, Jobst}
}

@misc{braams_standard_2014,
  langid = {english},
  title = {Standard {{LaTeX2ε}} Packages Makeidx and Showidx},
  url = {http://mirrors.ctan.org/macros/latex/base/makeindx.pdf},
  urldate = {2019-03-06},
  date = {2014},
  keywords = {ctan},
  author = {Braams, Johannes L. and Carlisle, David and Jeffrey, Alan and Lamport, Leslie and Mittelbach, Frank and Rowley, Chris and Schöpf, Rainer}
}

@misc{henlich_marvosym_2012,
  langid = {english},
  title = {The {{MarVoSym Font Package}}},
  url = {http://mirrors.ctan.org/fonts/marvosym/doc/fonts/marvosym/marvodoc.pdf},
  date = {2012},
  keywords = {ctan},
  author = {Henlich, Thomas and Miklavec, Mojca}
}

@misc{schlicht_microtype_2019,
  langid = {english},
  title = {Microtype},
  url = {http://mirrors.ctan.org/macros/latex/contrib/microtype/microtype.pdf},
  urldate = {2019-08-20},
  date = {2019},
  keywords = {ctan},
  author = {Schlicht, R.}
}

@misc{van_oostrum_multirow_2019,
  langid = {english},
  title = {The Multirow, Bigstrut and Bigdelim Packages},
  url = {http://mirrors.ctan.org/macros/latex/contrib/multirow/multirow.pdf},
  urldate = {2019-11-08},
  date = {2019},
  keywords = {ctan},
  author = {Van Oostrum, Piet and Bache, Øystein}
}

@misc{tantau_tikz_2019,
  langid = {english},
  title = {{{TikZ}} \& {{PGF}}},
  url = {http://mirrors.ctan.org/graphics/pgf/base/doc/pgfmanual.pdf},
  date = {2019},
  keywords = {ctan},
  author = {Tantau, Till}
}

@misc{schroder_ragged2e-package_2019,
  langid = {english},
  title = {The Ragged2e-Package},
  url = {http://mirrors.ctan.org/macros/latex/contrib/ragged2e/ragged2e.pdf},
  urldate = {2019-08-26},
  date = {2019},
  keywords = {ctan},
  author = {Schröder, Martin}
}

@misc{robertson_experimental_2019,
  langid = {english},
  title = {Experimental {{Unicode}} Mathematical Typesetting: {{The}} Unicode-Math Package},
  url = {http://mirrors.ctan.org/macros/latex/contrib/unicode-math/unicode-math.pdf},
  urldate = {2019-08-26},
  date = {2019},
  keywords = {ctan},
  author = {Robertson, Will}
}

@misc{reichert_units.sty_1998,
  langid = {english},
  title = {Units.Sty Nicefrac.Sty},
  url = {http://mirrors.ctan.org/macros/latex/contrib/units/units.pdf},
  urldate = {2019-10-08},
  date = {1998},
  keywords = {ctan},
  author = {Reichert, Axel}
}

@misc{mittelbach_frank_varioref_2016,
  langid = {english},
  title = {The Varioref Package},
  url = {http://mirrors.ctan.org/macros/latex/required/tools/varioref.pdf},
  urldate = {2019-12-08},
  date = {2016},
  keywords = {ctan},
  author = {Mittelbach, Frank}
}

@misc{kern_extending_2016,
  langid = {english},
  title = {Extending {{LaTeX}}’s Color Facilities: The Xcolor Package},
  url = {http://mirrors.ctan.org/macros/latex/contrib/xcolor/xcolor.pdf},
  date = {2016},
  keywords = {ctan},
  author = {Kern, Uwe}
}

@misc{gregorio_xpatch_2012,
  langid = {english},
  title = {The Xpatch Package: {{Extending}} Etoolbox Patching Commands},
  url = {http://mirrors.ctan.org/macros/latex/contrib/xpatch/xpatch.pdf},
  urldate = {2019-09-02},
  date = {2012},
  keywords = {ctan},
  author = {Gregorio, Enrico}
}

@misc{talbot_glossaries-extra.sty_2019,
  langid = {english},
  title = {Glossaries-Extra.Sty v1.41: An Extension to the Glossaries Package},
  url = {http://mirrors.ctan.org/macros/latex/contrib/glossaries-extra/glossaries-extra-manual.pdf},
  urldate = {2019-05-09},
  date = {2019},
  author = {Talbot, Nicola L.C.}
}

@misc{wilson_appendix_2009,
  langid = {english},
  title = {The Appendix Package},
  url = {http://mirrors.ctan.org/macros/latex/contrib/appendix/appendix.pdf},
  date = {2009},
  author = {Wilson, Peter and Press, Herries}
}

@misc{hansen_multibib_2008,
  langid = {english},
  title = {The Multibib Package},
  url = {http://mirrors.ctan.org/macros/latex/contrib/multibib/multibib.pdf},
  date = {2008},
  author = {Hansen, Thorsten}
}

@misc{riedel_latex_2011,
  title = {{{LaTeX}} Für {{Fortgeschrittene}}},
  url = {https://www.tu-chemnitz.de/urz/archiv/kursunterlagen/latex_fortgeschr/rsrc/latex2a.pdf},
  urldate = {2019-06-09},
  date = {2011},
  keywords = {main},
  author = {Riedel, Wolfgang}
}

@misc{wright_siunitx_2018,
  langid = {english},
  title = {Siunitx — {{A}} Comprehensive ({{SI}}) Units Package},
  url = {http://mirrors.ctan.org/macros/latex/contrib/siunitx/siunitx.pdf},
  urldate = {2019-08-09},
  date = {2018},
  keywords = {ctan},
  author = {Wright, Joseph}
}

@misc{kime_apa_2019,
  langid = {english},
  title = {{{APA BibLATEX}} Style},
  url = {http://mirrors.ctan.org/macros/latex/contrib/biblatex-contrib/biblatex-apa/biblatex-apa.pdf},
  urldate = {2019-08-09},
  date = {2019},
  keywords = {ctan},
  author = {Kime, Philip}
}

@book{lamport_latex_1994,
  location = {{Reading, Mass}},
  title = {{{LATEX}}: A Document Preparation System: User's Guide and Reference Manual},
  edition = {Zweite Auflage},
  isbn = {978-0-201-52983-8},
  pagetotal = {272},
  publisher = {{Addison-Wesley}},
  date = {1994},
  keywords = {Computerized typesetting,LaTeX (Computer file),main},
  author = {Lamport, Leslie}
}

@book{knuth_tex_1979,
  location = {{Bedford, Mass. : [Providence, R.I.]}},
  title = {{{TEX}} and {{METAFONT}}: New Directions in Typesetting},
  isbn = {978-0-932376-02-2},
  shorttitle = {{{TEX}} and {{METAFONT}}},
  publisher = {{Digital Press ; American Mathematical Society}},
  date = {1979},
  keywords = {Computerized typesetting,main},
  author = {Knuth, Donald Ervin}
}

@incollection{dibona_gnu_1999,
  location = {{Beijing ; Sebastopol, CA}},
  title = {The {{GNU Operating System}} and the {{Free Software Movement}}},
  isbn = {978-1-56592-582-3},
  booktitle = {Open Sources: Voices from the Open Source Revolution},
  publisher = {{O'Reilly}},
  date = {1999},
  pages = {28 - 48},
  keywords = {main,Linux,Open source software},
  author = {Stallman, Richard},
  editor = {DiBona, Chris and Ockman, Sam and Stone, Mark}
}

@misc{charette_polyglossia_2019,
  title = {Polyglossia: {{An Alternative}} to {{Babel}} for {{XeLaTeX}} and {{LuaLaTeX}}},
  url = {http://mirrors.ctan.org/macros/latex/contrib/polyglossia/polyglossia.pdf},
  urldate = {2019-09-10},
  date = {2019},
  keywords = {ctan},
  author = {Charette, François and Reutenauer, Arthur}
}


