
@book{gratzerMoreMathLATEX2016,
  langid = {english},
  location = {{Cham Heidelberg New York Dordrecht London}},
  title = {More {{Math}} into {{LATEX}}},
  edition = {Fifth edition},
  isbn = {978-3-319-23796-1 978-3-319-23795-4},
  pagetotal = {609},
  publisher = {{Springer}},
  date = {2016},
  author = {Grätzer, George},
  editora = {Springer International Publishing AG},
  editoratype = {collaborator},
  file = {/home/tim/Stuff/nextcloud/Notes/Zotero/library/storage/JD6J394W/Grätzer - 2016 - More Math into LATEX.pdf;/home/tim/Stuff/nextcloud/Notes/Zotero/library/storage/PINFCS2M/Grätzer - 2016 - More Math into LATEX.pdf},
  note = {OCLC: 936850447}
}

@book{gratzerMathLaTeX2000,
  location = {{Boston : New York}},
  title = {Math into {{LaTeX}}},
  edition = {3rd ed},
  isbn = {978-0-8176-4131-3 978-3-7643-4131-2},
  pagetotal = {584},
  publisher = {{Birkhäuser ; Springer}},
  date = {2000},
  keywords = {AMS-LaTeX,Computer programs,Computerized typesetting,LaTeX (Computer file),Mathematics printing,\#nosource},
  author = {Gratzer, George A.}
}

@misc{RichtlinienFuerAnfertigung2017,
  langid = {german},
  title = {Richtlinien für die Anfertigung der Thesis},
  publisher = {{Hochschule Düsseldorf}},
  date = {2017-12}
}

@book{schlosserWissenschaftlicheArbeitenSchreiben2014,
  langid = {german},
  location = {{Heidelberg Hamburg}},
  title = {Wissenschaftliche Arbeiten schreiben mit LaTeX: Leitfaden für Einsteiger},
  edition = {5., überarbeitete Auflage},
  isbn = {978-3-8266-9486-8},
  shorttitle = {Wissenschaftliche Arbeiten schreiben mit LaTeX},
  pagetotal = {324},
  publisher = {{mitp}},
  date = {2014},
  author = {Schlosser, Joachim},
  file = {/home/tim/Stuff/nextcloud/Notes/Zotero/library/storage/6P9X6IB3/Schlosser - 2014 - Wissenschaftliche Arbeiten schreiben mit LaTeX Le.pdf},
  note = {OCLC: 867172158}
}

@misc{talbotGlossariesPackageV42019,
  langid = {english},
  title = {The Glossaries Package v4.42: A Guide for Beginners},
  url = {https://www.ctan.org/pkg/glossaries},
  abstract = {The glossaries package is very flexible, but this means that it has a lot of options,
and since a user guide is supposed to provide a complete list of all the high-level
user commands, the main user manual is quite big. This can be rather daunting for
beginners, so this document is a brief introduction just to help get you started. If
you find yourself saying, “Yeah, but how can I do...?” then it’s time to move on to
the main user manual (glossaries-user.pdf).
I’ve made some statements in this document that don’t actually tell you the full
truth, but it would clutter the document and cause confusion if I keep writing “ex-
cept when ...” or “but you can also do this, that or the other” or “you can do it this
way but you can also do it that way, but that way may cause complications under
certain circumstances”.},
  urldate = {2019-08-25},
  date = {2019-01-06},
  author = {Talbot, Nicola L.C.}
}

@misc{kohmKOMA2019,
  langid = {german},
  title = {KOMA - S c r i p t},
  url = {http://mirrors.ctan.org/macros/latex/contrib/koma-script/doc/scrguide.pdf},
  abstract = {Die Anleitung},
  urldate = {2019-08-25},
  date = {2019-02-01},
  author = {Kohm, Markus}
}

@misc{philipkimeBiber,
  title = {Biber},
  abstract = {A backend bibliography processor for biblatex},
  author = {{Philip Kime} and {François Charette}}
}

@book{dilipLatex24Hours2017,
  location = {{New York, NY}},
  title = {Latex in 24 Hours},
  isbn = {978-3-319-47830-2},
  publisher = {{Springer Berlin Heidelberg}},
  date = {2017},
  author = {Dilip, Datta}
}

@book{ochsnerTextverarbeitungssystemLaTeXPraktische2015,
  langid = {german},
  location = {{Wiesbaden}},
  title = {Das Textverarbeitungssystem LaTeX: eine praktische Einführung in die Erstellung wissenschaftlicher Dokumente},
  isbn = {978-3-658-09502-4 978-3-658-09503-1},
  shorttitle = {Das Textverarbeitungssystem LaTeX},
  pagetotal = {54},
  series = {essentials},
  publisher = {{Springer Vieweg}},
  date = {2015},
  author = {Öchsner, Marco and Öchsner, Andreas},
  note = {OCLC: 927405439}
}

@book{kottwitzLaTeXCookbook902015,
  langid = {english},
  location = {{Birmingham}},
  title = {{{LaTeX}} Cookbook: Over 90 Hands-on Recipes for Quickly Preparing {{LaTeX}} Documents to Solve Various Challenging Tasks},
  isbn = {978-1-78439-514-8},
  shorttitle = {{{LaTeX}} Cookbook},
  pagetotal = {357},
  series = {Quick Answers to Common Problems},
  publisher = {{Packt Publ}},
  date = {2015},
  author = {Kottwitz, Stefan},
  note = {OCLC: 951459433}
}

@misc{oetikerIntroductionLATEX2e2018,
  langid = {english},
  title = {Introduction to {{LATEX2ε}}},
  url = {https://www.ctan.org/tex-archive/info/lshort/english/},
  urldate = {2019-08-26},
  date = {2018-02-28},
  author = {Oetiker, Tobias and Partl, Hubert and Hyna, Irene and Schlegl, Elisabeth}
}

@book{gratzerPracticalLatex2014,
  location = {{New York}},
  title = {Practical Latex},
  isbn = {978-3-319-06424-6},
  publisher = {{Springer}},
  date = {2014},
  author = {Gratzer, George}
}

@misc{michaeldoobGentleIntroductionTEX,
  title = {A {{Gentle Introduction}} to {{TEX}}},
  url = {http://texdoc.net/texmf-dist/doc/plain/gentle/gentle.pdf},
  urldate = {2019-08-25},
  author = {{Michael Doob}}
}

@misc{eijkhoutComputerScienceTeX2004,
  title = {The {{Computer Science}} of {{TeX}} and {{LaTeX}}},
  url = {http://pages.tacc.utexas.edu/~eijkhout/Articles/TeXLaTeXcourse.pdf},
  abstract = {COMPUTER SCIENCE COURSE 594,},
  date = {2004},
  author = {Eijkhout, Victor}
}


